@article{distilling_step_by_step,
  title={Distilling step-by-step: Outperforming larger language models with less training data and smaller model sizes},
  author={Author Name},
  journal={Google Research Blog},
  year={2023},
  url={https://research.google/blog/distilling-step-by-step-outperforming-larger-language-models-with-less-training-data-and-smaller-model-sizes/}
}

@misc{deepseek_r1_github,
  title={GitHub - deepseek-ai/DeepSeek-R1},
  author={DeepSeek AI},
  year={2023},
  url={https://github.com/deepseek-ai/DeepSeek-R1}
}

@article{deepseek_r1_guide,
  title={A Simple Guide to DeepSeek R1: Architecture, Training, Local Deployment, and Hardware Requirements},
  author={Mwangi, Isaak},
  journal={Medium},
  year={2023},
  url={https://medium.com/@isaakmwangi2018/a-simple-guide-to-deepseek-r1-architecture-training-local-deployment-and-hardware-requirements-300c87991126}
}

@article{building_rag_deepseek,
  title={Building a Retrieval-Augmented Generation (RAG) System with DeepSeek R1: A Step-by-Step Guide},
  author={Author Name},
  journal={MarkTechPost},
  year={2025},
  url={https://www.marktechpost.com/2025/01/27/building-a-retrieval-augmented-generation-rag-system-with-deepseek-r1-a-step-by-step-guide/}
}

@article{tts_python,
  title={Convert Text to Speech in Python},
  author={Author Name},
  journal={GeeksforGeeks},
  year={2023},
  url={https://www.geeksforgeeks.org/convert-text-speech-python/}
}

@article{evaluate_llms_complete,
  title={Evaluating Large Language Models: A Complete Guide},
  author={Author Name},
  journal={SingleStore Blog},
  year={2023},
  url={https://www.singlestore.com/blog/complete-guide-to-evaluating-large-language-models/}
}

@article{knowledge_distillation_llms,
  title={Knowledge Distillation for Large Language Models: A Deep Dive},
  author={Author Name},
  journal={Zilliz Learn},
  year={2023},
  url={https://zilliz.com/learn/knowledge-distillation-from-large-language-models-deep-dive}
}

@article{on_premise_ai,
  title={On-Premise Artificial Intelligence as a Service},
  author={Fortuna, C. and Muši'c, D. and Cerar, G. and 'Campa, A. and Kapsalis, P. and Mohor'ci'c, M.},
  journal={arXiv},
  year={2022},
  url={https://arxiv.org/abs/2210.06956}
}

@article{survey_evaluation_llms,
  title={A Survey on Evaluation of Large Language Models},
  author={Author Name},
  journal={arXiv},
  year={2023},
  url={https://arxiv.org/abs/2307.03109}
}

@article{deploy_deepseek_bedrock,
  title={Deploy DeepSeek-R1 distilled Llama models with Amazon Bedrock Custom Model Import},
  author={Author Name},
  journal={AWS Blog},
  year={2023},
  url={https://aws.amazon.com/blogs/machine-learning/deploy-deepseek-r1-distilled-llama-models-with-amazon-bedrock-custom-model-import/}
}

@article{deepseek_r1_rag,
  title={Distilled DeepSeek-R1 at work with a Naive RAG},
  author={Giancaterino, C.},
  journal={Medium},
  year={2023},
  url={https://medium.com/@c.giancaterino/distilled-deepseek-r1-at-work-with-a-naive-rag-614c6e22cf69}
}

@article{integrate_llm_ios,
  title={How to integrate a Large Language Model into an iOS Application},
  author={Cuong, Nam},
  journal={Medium},
  year={2023},
  url={https://medium.com/@namcuong2711/how-to-integrate-a-large-language-model-into-an-ios-application-2579d9d119b0}
}

@misc{ios_swift_sdk,
  title={iOS Swift SDK — mlc-llm 0.1.0 documentation},
  author={Author Name},
  year={2023},
  url={https://llm.mlc.ai/docs/deploy/ios.html}
}

@article{tts_python_basics,
  title={Text to speech in python},
  author={Author Name},
  journal={Python Basics},
  year={2023},
  url={https://pythonbasics.org/text-to-speech/}
}

@article{piper_tts_python,
  title={How to read text aloud with Piper and Python},
  author={Guerra, Noer},
  journal={Noer Guerra Blog},
  year={2023},
  url={https://noerguerra.com/how-to-read-text-aloud-with-piper-and-python/}
}

@article{evaluate_llms_2025,
  title={Large Language Model Evaluation in 2025: 5 Methods},
  author={Author Name},
  journal={AIMultiple Research},
  year={2025},
  url={https://research.aimultiple.com/large-language-model-evaluation/}
}

@article{evaluate_llms_tds,
  title={Everything You Should Know About Evaluating Large Language Models},
  author={Author Name},
  journal={Towards Data Science},
  year={2023},
  url={https://towardsdatascience.com/everything-you-should-know-about-evaluating-large-language-models-dce69ef8b2d2?gi=c101ba84e4c3}
}

@misc{deepseek_watsonx,
  title={DeepSeek R1 Distilled Models now available on watsonx.ai},
  author={IBM},
  year={2023},
  url={https://www.ibm.com/new/announcements/deepseek-r1-distilled-models-now-available-on-watsonx-ai}
}

@article{embodied_cot_distillation,
  title={Embodied CoT Distillation from LLM to Off-the-shelf Agents},
  author={Choi, W. and Kim, W. K. and Yoo, M. and Woo, H.},
  journal={arXiv},
  year={2024},
  url={https://arxiv.org/abs/2412.11499}
}

@article{deepseek_v3_tech,
  title={DeepSeek-V3 Technical Report},
  author={DeepSeek-AI and Liu, A. and Feng, B. and others},
  journal={arXiv},
  year={2024},
  url={https://arxiv.org/abs/2412.19437}
}

@article{multi_token_prediction,
  title={Better \& faster large language models via multi-token prediction},
  author={Gloeckle, F. and Idrissi, B. Y. and Rozière, B. and Lopez-Paz, D. and Synnaeve, G.},
  journal={arXiv},
  year={2024},
  url={https://arxiv.org/abs/2404.19737}
}

@article{fp8_training,
  title={FP8-LM: Training FP8 Large Language Models},
  author={Peng, H. and Wu, K. and Wei, Y. and others},
  journal={arXiv},
  year={2023},
  url={https://arxiv.org/abs/2310.18313}
}
@misc{ibm2022data,
  author = {{IBM Newsroom}},
  title = {IBM Report: Consumers Pay the Price as Data Breach Costs Reach All-Time High},
  year = {2022},
  month = {July},
  day = {27},
  url = {https://newsroom.ibm.com/2022-07-27-IBM-Report-Consumers-Pay-the-Price-as-Data-Breach-Costs-Reach-All-Time-High?asPDF=1},
  note = {Accessed: March 06, 2025}
}

@misc{aws_outposts_pricing,
  title = {Pricing for Outposts rack – AWS Outposts Rack Pricing},
  author = {{Amazon Web Services}},
  year = {2023},
  url = {https://aws.amazon.com/outposts/rack/pricing/}
}

@misc{aws_outposts_features,
  title = {AWS Outposts rack features | Amazon Web Services},
  author = {{Amazon Web Services}},
  year = {2023},
  url = {https://aws.amazon.com/outposts/rack/features/}
}

@misc{aws_outposts_whatis,
  title = {What is AWS Outposts? - AWS Outposts},
  author = {{Amazon Web Services}},
  year = {2023},
  url = {https://docs.aws.amazon.com/outposts/latest/userguide/what-is-outposts.html}
}

@misc{aws_outposts_family,
  title = {On-Premises Private Cloud - AWS Outposts Family - AWS},
  author = {{Amazon Web Services}},
  year = {2023},
  url = {https://aws.amazon.com/outposts/}
}

@misc{nvidia_aws,
  title = {NVIDIA GPU-Accelerated Amazon Web Services | NVIDIA},
  author = {{NVIDIA}},
  year = {2023},
  url = {https://www.nvidia.com/en-us/data-center/gpu-cloud-computing/amazon-web-services/}
}

@misc{aws_g4_instances,
  title = {Amazon EC2 G4 Instances — Amazon Web Services (AWS)},
  author = {{Amazon Web Services}},
  year = {2023},
  url = {https://aws.amazon.com/ec2/instance-types/g4/}
}